2700 4920
612 290 848 369 PYTHIA,
893 288 1023 356 Onv.
1072 308 1074 313 “

434 434 579 517 Ὁπόσοι
598 443 763 546 χεριαρᾶν
794 454 798 460 ’

438 558 605 638 Τεκπόνονν
625 558 844 666 dardo'rlpcur’
866 556 961 661 οἵγονν
988 578 1026 646 p

439 691 598 793 Κρισαῖον
617 682 719 784 λοφον

328 823 378 885 50
428 802 654 912 ’'Aperderst
644 805 853 889 οννοονλὸπεδ
854 842 885 888 ον

439 930 564 1019 Νάπος
583 932 680 1010 ἔνεον.
739 930 830 1011 ro‘rr’
852 927 926 1039 ’ἔχει
1016 973 1020 978 ·

440 1052 683 1164 Κνποιρῖππννον
700 1050 870 1164 μέλαθρον
887 1059 958 1164 ἆμ-
1020 1096 1022 1101 ·

497 1178 530 1277 φ’
552 1176 720 1287 ἀνδροίννπν
741 1175 877 1285 σχεδον,

441 1310 569 1414 Κρῆπες
587 1300 622 1386 dr
641 1304 810 1415 ποξοφὸρον
831 1304 932 1406 πέγεΐ

335 1442 382 1506 55
442 1426 651 1538 Παρνασσίῳ
669 1426 856 1508 audirent·

499 1586 550 1642 πο,
570 1548 765 1660 μονόδροπον
784 1550 899 1651 φνπόν.

723 1778 754 1826 Α.
767 1771 804 1838 β’.
840 1777 873 1828 Κ.
888 1766 929 1826 rd‘.

446 1872 578 1956 'Eno'rrr
598 1874 699 1953 ποίννν
719 1872 832 1985 πρέπεν

262 2126 304 2174 tr.
320 2122 516 2180 ονλίπιδοννίποο
529 2123 664 2175 annueri
671 2134 750 2187 potest
758 2141 810 2175 esse
843 2128 906 2175 tholo
913 2125 989 2188 justa
1001 2125 1101 2187 rignum
1111 2120 1247 2185 Apollinisr

227 2189 336 2239 lucusin
347 2205 433 2254 eampo
443 2191 559 2241 cirrhaeo.
593 2192 700 2241 Pausan.
718 2202 809 2252 tamen,
843 2196 952 2243 tentibus
963 2194 1112 2241 dedicatum.
1147 2189 1247 2238 Tbolum

230 2259 264 2306 X.
273 2261 315 2307 87.
324 2272 348 2318 p
358 2263 414 2309 898.
431 2258 520 2308 disertd
540 2259 581 2316 ait,
592 2260 687 2307 nullom
699 2263 810 2310 arborem
842 2261 958 2322 pressinis
969 2258 1077 2307 trabibus
1085 2257 1230 2314 constitisse
1239 2271 1247 2302 r

227 2341 281 2373 essa
297 2325 324 2373 in
341 2325 385 2374 illo
402 2342 496 2388 campo
536 2325 622 2375 Potuit
638 2329 685 2376 hoc
704 2329 775 2377 aliter
786 2343 812 2376 sa
845 2327 999 2376 dubitemus·
1019 2340 1078 2373 cum
1095 2325 1170 2386 huJ'us
1188 2326 1247 2375 arbo

227 2394 316 2441 habere
336 2402 393 2442 ante
410 2394 506 2443 cladem
520 2394 634 2443 Cirrhaeis
649 2396 810 2458 Amphictyo-
843 2394 988 2458 frequens
981 2409 1006 2441 rn
1031 2390 1140 2440 adificiis
1155 2401 1181 2439 et
1197 2391 1247 2439 ins

227 2476 290 2509 num
303 2459 400 2510 decreto
410 2462 513 2510 illatam
549 2460 643 2510 Verum
655 2478 694 2510 res
710 2479 763 2524 ipso
773 2463 810 2511 lo-
844 2472 926 2510 autern
943 2464 996 2510 haec
1012 2459 1120 2521 putando
1144 2457 1247 2508 inisset

227 2529 320 2592 quitur,
332 2528 363 2577 de
374 2530 466 2592 templo
479 2529 601 2591 Delphico
621 2531 661 2578 bit
678 2530 734 2594 πρὶς
752 2546 860 2594 ergon
844 2529 926 2593 ciliis-p·
943 2528 1004 2578 sed
996 2537 1060 2575 rntra
1072 2537 1146 2588 septa,
1166 2530 1230 2576 tm·
1200 2549 1247 2591 sp

224 2596 354 2660 jungenda
372 2607 444 2647 sunt:
472 2599 540 2648 data
557 2619 572 2646 s
585 2597 710 2660 lpas-ar,
699 2598 811 2647 ntea-
844 2607 914 2645 erant
933 2597 1051 2656 aedicula.
1087 2595 1149 2642 Mox
1167 2610 1217 2643 ver.
1230 2599 1246 2644 5

227 2665 332 2728 ὄμονψνν,
347 2666 366 2714 is
378 2666 427 2729 (vel
439 2663 471 2724 ts)
484 2619 606 2716 :unleds
619 2668 685 2720 νάπος
696 2668 756 2723 θεοῦ,
769 2681 812 2726 pro
844 2665 889 2723 tir,
901 2674 1015 2713 notatum
1033 2671 1139 2711 avetere
1149 2678 1245 2726 gramm

228 2731 329 2781 braim.
367 2733 472 2782 Necesse
483 2732 544 2782 oded
554 2742 590 2781 est
601 2732 724 2784 anzinio·
736 2735 810 2791 sdan,
845 2732 876 2780 de
901 2749 1004 2782 occursu
1020 2730 1100 2779 amico
1127 2746 1186 2780 cum
1217 2746 1246 2777 nn

226 2815 272 2860 pro
282 2803 363 2858 arian,
383 2801 526 2863 simpliciter
543 2800 592 2848 dici
612 2802 697 2850 lucum
715 2804 741 2849 in
754 2817 812 2850 cou-
844 2809 931 2863 quarto
950 2817 1016 2858 casu,
1040 2797 1137 2856 dicitur,
1157 2814 1197 2860 ap.
1209 2798 1247 2846 Wl

226 2871 288 2916 ualle
301 2868 422 2917 Parnassi.
458 2869 604 2917 Declaratur
618 2884 686 2917 nunc
705 2868 811 2916 locusin
846 2867 918 2916 Iliad.
931 2868 954 2917 1.
967 2873 1044 2929 Mil.

225 2935 326 2995 templo,
350 2936 376 2983 in
398 2952 447 2999 quo
468 2936 594 2999 quadriga,
617 2951 692 3000 quarn
717 2934 813 2998 exigua
881 2932 926 2998 [ib.
944 2935 1083 2998 πὲπφἹχιν,
1096 2933 1145 2982 Ed.
1159 2934 1222 2982 Ben.

226 3002 300 3050 molis
311 3003 386 3051 luisse
396 3001 468 3051 facile
477 3003 631 3065 intelligitur,
640 3003 689 3050 fuit
697 3018 813 3063 suspensa
845 3003 927 3052 reddit
950 3002 1080 3065 Heynius;
1107 3007 1122 3031 ‘⁶
1133 3000 1236 3049 totidem

226 3083 255 3117 ac
266 3068 376 3118 dedicata
392 3070 455 3128 de03
473 3070 566 3118 scilicet
580 3087 697 3133 suspensa
708 3071 767 3136 fuit
785 3087 813 3119 eo
846 3070 987 3133 cupressina
997 3071 1070 3128 nans,
1082 3068 1114 3117 ad
1125 3075 1247 3117 staturamt

227 3273 328 3335 currit.
368 3274 474 3353 Neque
493 3273 569 3332 enim
594 3273 685 3333 ullum
707 3275 818 3334 robusti
840 3276 941 3335 curnis
963 3274 1187 3334 instrumentum
1200 3273 1247 3347 fre

226 3367 307 3428 salvo
320 3371 351 3425 et
364 3363 488 3444 integro,
510 3365 590 3425 vicit.
629 3366 665 3424 In
683 3369 770 3446 cujus
790 3367 831 3425 rei
853 3376 1082 3437 monumentum,
1095 3364 1240 3445 Apollini,

227 3459 416 3522 certaminum
440 3460 516 3529 Deo,
531 3458 619 3519 talem
639 3478 706 3518 eum
730 3459 836 3519 dicarit
849 3472 880 3520 et
891 3459 1051 3538 suspendit,
1070 3459 1186 3538 qualem
1205 3479 1247 3538 qu

227 3557 302 3616 colle
314 3555 470 3636 praeterito,
486 3553 617 3633 pervenit
631 3554 669 3616 ad
683 3555 742 3638 Dei
755 3556 864 3626 lucum,
887 3559 971 3634 cujus
990 3555 1123 3634 planities
1137 3567 1182 3615 est
1196 3573 1247 3614 car

226 3648 328 3708 ebdem
342 3648 443 3727 utique
466 3645 580 3706 artificii
594 3647 736 3725 elegantia
750 3647 901 3726 insignem,
916 3651 973 3727 quir
986 3647 1110 3707 traditus
1122 3645 1221 3706 fuerat
1244 3669 1247 3705 ν

226 3759 295 3800 eum
307 3741 439 3801 manibus
453 3739 520 3819 apte
535 3751 751 3818 compegerant
785 3740 821 3799 In
834 3739 956 3818 gratiam
966 3751 1064 3798 autem
1074 3750 1105 3798 et
1114 3738 1247 3801 memoria

105 3813 107 3815 ‚
138 3828 140 3832 ⁴
211 3882 216 3901 -.
227 3832 371 3893 Arcesilai
384 3851 490 3911 nempe
503 3843 534 3890 et
548 3830 693 3902 Carrhoti‚
708 3851 811 3891 currus
822 3831 872 3890 ille
893 3843 939 3891 est
955 3831 1115 3893 collocatus
1128 3831 1158 3889 in
1171 3831 1247 3896 atrio

228 3923 358 3984 trabibus
381 3923 559 4001 consignato,
582 3922 674 4001 prope
687 3934 821 4002 'statuam
840 3943 928 4002 quatu
949 3922 1089 4003 sagittarii
1110 3925 1247 3986 Cretense

227 4013 337 4072 arboris
351 4026 463 4084 trunco,
479 4013 553 4073 citra
564 4014 690 4092 partium
709 3995 833 4076 ullarum
855 4017 1136 4094 coagmentationem
1150 4014 1247 4079 efficta

225 4103 303 4211 mine
316 4104 478 4174 Parnassio,
492 4104 550 4164 hoc
563 4116 607 4164 est
622 4105 652 4163 in
665 4106 810 4185 Pythone,
825 4107 1014 4176 conuertunt.

581 4210 864 4272 Aurrarnorur
868 4211 915 4270 11
919 4212 1050 4276 57-70

266 4300 364 4365 Quare
386 4297 529 4368 Arcesila,
546 4300 621 4359 edm
643 4300 825 4378 hujusmodi
831 4302 940 4381 surigae
957 4305 1052 4382 open
1065 4313 1096 4362 et
1110 4259 1247 4362 benadci
