2722 4914
303 266 532 380 nonst-
571 260 733 367 ost-11.

82 480 88 532 t
145 452 207 534 Tit
229 449 256 532 δ’
276 448 431 541 ἐπέοικεν,
447 446 563 558 Ἥραν
582 448 679 529 πόσιν
701 446 736 529 πο
756 447 907 558 πειθέμεν

146 575 262 685 Κόραν
281 607 318 654 rt
339 570 586 675 γλαναοῖπιδα.
647 570 743 651 δόνα-
797 572 799 576 ’

205 735 266 783 παι
286 699 321 782 dl
341 701 512 811 βροτοῖσιν
533 700 650 779 ditarit

145 818 574 938 Ἀμαχοιιιοῖνδοπέάπονν
595 826 708 935 θαμὰ
728 825 875 934 tattpnl

149 961 192 1037 Ei
213 959 285 1067 γάρ
306 977 418 1058 σφισιν
439 953 580 1064 ἔμπεδοι
644 1027 646 1031 ,

82 1098 91 1160 ἱ
206 1076 321 1162 οθινία
339 1078 456 1177 βίοπον
475 1078 651 1188 ἁρμόσαις
753 1090 754 1097 ’

146 1205 252 1313 ‘'Hch
271 1212 407 1318 λιπαρῷ
428 1241 464 1286 rc
485 1207 578 1316 γῆξα
598 1199 796 1293 διαπλέκοις

153 1333 336 1443 Eddoipcv’
354 1332 464 1417 ἔο’νποι.Ι
523 1331 648 1414 παίδων

154 1460 208 1549 Δὶ
226 1460 348 1553 παῖδος
367 1457 475 1570 ’ἔχοιεν
494 1457 567 1542 siti

437 1678 637 1755 arnt

154 1800 264 1912 Γέςοις
284 1800 324 1881 πο’
342 1835 402 1912 περ
422 1803 485 1894 νῖνν,
507 1797 571 1881 παῖ
590 1796 698 1911 οἵξειον
718 1796 841 1885 δ’πιθεν.

82 1948 98 2007 l
156 1925 208 2005 Ti
229 1924 255 2005 δ’
276 1920 414 2031 ipisci
433 1956 513 2005 rore
533 1923 638 2023 φίιπει
659 1922 743 2034 πίοις

155 2045 358 2157 'Argivom
377 2047 623 2154 Νεοππόλεμοι
643 2047 698 2129 ἕλ-

82 2294 232 2362 μῌόιιινιιι.
266 2299 332 2348 Nam
355 2314 406 2347 non
429 2313 526 2360 semper
558 2294 632 2359 longe
651 2299 681 2345 ab
699 2293 727 2344 ed
746 2304 798 2344 erat
820 2296 880 2344 sella
890 2295 992 2345 Pindari
1014 2298 1086 2358 dicta,
1107 2301 1148 2350 cui

82 2373 172 2413 attunt.
207 2366 248 2414 Ita
262 2365 372 2415 excusari
396 2368 466 2429 Sapei
481 2381 524 2428 po·
559 2363 676 2413 insedisse
696 2362 739 2410 ille
756 2366 906 2422 narrabatur,
927 2364 1022 2427 quoties
1040 2367 1151 2429 Delphos

82 2431 140 2481 dum
161 2441 186 2480 et
201 2433 261 2482 alibi
280 2433 528 2496 otiosumvisum,ut
561 2431 664 2491 adiisset,
677 2440 742 2480 etex
755 2428 1058 2480 edcecinissecarminain
1070 2434 1150 2495 Apol·
1247 2468 1251 2476 -

92 2504 149 2550 139.
168 2499 241 2549 Nem.
251 2501 325 2550 Lon.
559 2499 652 2547 linemt
675 2498 780 2546 Pausan.
793 2498 828 2545 X.
840 2504 882 2546 24.
893 2515 919 2560 p.
930 2502 987 2547 858.
1024 2498 1082 2547 Non
1102 2501 1152 2548 mi·

82 2567 126 2633 γὰρ
136 2582 181 2627 pro
192 2569 240 2617 aits.
281 2568 387 2636 dgps'raer
399 2563 526 2622 tantais
560 2582 617 2613 rum
628 2566 711 2629 itaque
722 2573 747 2612 et
759 2564 915 2627 Neoptolemi
927 2578 1017 2614 nomen
1034 2566 1061 2613 in
1073 2566 1150 2627 po‘e'toe

89 2634 167 2682 altero
177 2634 320 2696 simpliciter
334 2635 528 2696 posito—tilam
561 2633 669 2682 carmine
680 2634 763 2681 locum
778 2633 845 2681 hunc
856 2631 994 2694 occupdsse,
1014 2641 1039 2680 et
1058 2642 1152 2683 tantam

82 2701 126 2757 s‚i.
134 2717 156 2751 e.
176 2703 202 2751 ri
219 2703 293 2760 rtisu,
305 2704 402 2751 utinam
410 2703 528 2766 conjunc-
562 2703 643 2748 herois
656 2699 802 2763 religionem
821 2701 899 2762 po'e'toe
917 2699 1000 2748 animo
1019 2698 1150 2752 insedisse·

82 2768 147 2826 velis,
177 2769 268 2829 adesse,
294 2771 339 2837 tltp
357 2772 416 2838 pipp
435 2789 460 2819 rs
477 2769 528 2817 scil.
562 2766 620 2817 culm
638 2769 692 2831 ejus
711 2782 779 2815 aram
799 2776 824 2814 et
840 2767 965 2816 tumulum
990 2775 1048 2815 anta
1068 2768 1153 2817 oculos

82 2835 210 2893 αινιίίνπι,
221 2836 398 2903 eirsdlarporiqc.
562 2835 666 2884 subinde
679 2836 787 2883 haberet.
821 2834 847 2883 ri
869 2836 917 2898 ipis
937 2833 991 2902 niae
1010 2843 1039 2882 ut
1063 2834 1150 2885 Isthm.

82 2924 117 2970 par
136 2903 164 2953 ci
182 2904 350 2970 “pincia
369 2908 527 2968 splendorem,
564 2902 596 2950 V·
609 2909 650 2962 28,
674 2899 715 2952 25'.
763 2899 898 2951 Enimverd
921 2902 978 2950 nolo
999 2903 1047 2950 hoo
1066 2901 1153 2952 itidem
1200 2916 1210 2941 ὲ

82 2989 96 3028 ι,
109 2973 196 3019 decoro
205 2986 236 3019 ex
246 2974 328 3036 gentis
337 2971 452 3020 victoriis.
563 2979 680 3032 repetere.
722 2968 836 3029 Inopiam
859 2970 886 3018 id
906 2977 1018 3034 argueret
1038 2969 1148 3020 inventi:

82 3036 188 3100 eligions
199 3047 277 3087 tactus
287 3040 367 3102 po'e'ts,
381 3037 472 3087 itsrhm
488 3037 530 3087 de·
564 3047 593 3086 ut
601 3038 621 3086 si
632 3039 725 3087 hlatsro
736 3046 804 3098 pater
814 3037 896 3086 liberis
907 3037 959 3087 suis
971 3037 1075 3087 subinde
1085 3053 1155 3101 repe·
1246 3052 1252 3088 1

82 3103 200 3153 invidiam
222 3121 266 3154 seu
288 3106 422 3156 vindictam
449 3107 531 3155 herois
564 3105 594 3154 tit
602 3105 815 3169 illudvulgotumz
831 3107 961 3156 Corinthus
970 3108 1036 3156 Joois
1036 3107 1155 3171 fitius.-

82 3171 312 3236 oijacsillagitiosa
329 3171 533 3223 daeonarrdsset
565 3173 619 3242 sing
635 3176 660 3224 οὕ
676 3175 747 3237 palera,
770 3175 891 3236 cogitabit,
908 3174 1046 3224 sustinebit.
1094 3176 1154 3222 Non

82 3254 104 3303 q.
140 3239 312 3290 Monstrahant
332 3241 437 3302 Delphis
458 3257 533 3299 mm,
568 3241 1156 3305 egoenimumcdmittcmpcrrersisdictislace·

88 3320 165 3354 cesus
183 3307 264 3357 suerat
277 3307 471 3372 Neoptolemo„
489 3323 535 3356 nec
568 3326 625 3358 rore
636 3325 725 3359 nomast
737 3310 897 3372 Neoptolemt

82 3530 102 3583 s,
113 3530 167 3591 per
184 3524 229 3574 est
248 3524 282 3574 ut
301 3515 459 3586 Junonem,
481 3516 602 3592 ejusque
622 3513 757 3571 maritum
770 3512 885 3584 Jovem,
901 3511 1051 3590 caesiisque
1065 3512 1158 3573 oculis

82 3624 86 3659 ι
100 3601 274 3678 Minervam,
289 3605 451 3684 praecipuos
466 3605 557 3676 Deos,
572 3603 599 3662 ei
620 3605 741 3682 ejusque
754 3602 877 3680 posteris
890 3603 1030 3681 propitios
1044 3603 1159 3666 reddas.

82 3692 132 3771 rue
146 3692 199 3754 tibi
213 3696 350 3775 possibile
363 3707 417 3768 est,
433 3707 521 3774 atque
531 3693 689 3754 identidem
703 3694 831 3754 remedia
839 3694 1010 3754 mortalibus
1023 3697 1161 3774 suppedi-

82 3804 122 3842 ιω
135 3785 173 3844 ad
187 3787 370 3848 difficultates
392 3786 608 3846 inextricabiles
621 3785 802 3864 rediguntur.
844 3785 973 3858 Utinam,
988 3785 1056 3865 ipsis
1069 3787 1158 3847 vitam
1234 3788 1237 3792 ’

82 3877 211 3936 onstanri
224 3879 336 3938 firmam
350 3877 584 3949 accommodans,
598 3876 678 3947 huic,
697 3888 727 3935 et
740 3877 770 3933 in
783 3876 899 3935 florenti
909 3879 1074 3955 juventute,
1087 3891 1117 3938 et
1130 3879 1161 3936 in

82 3976 199 4039 nectute,
208 3967 377 4030 felicitatem
387 3968 546 4027 intertexas
557 3993 565 4028 z
578 3969 665 4047 hujus
675 3966 836 4040 veronatis,
851 3979 881 4027 et
894 3967 928 4026 iis
943 3968 992 4046 qui
1004 3982 1161 4030 nascentur

93 4058 265 4136 dignitatem
286 4080 448 4131 conserves,
469 4060 547 4119 unde
567 4060 692 4120 eundem
711 4079 825 4138 semper
838 4060 1004 4138 possideant
1021 4061 1160 4123 honorem

375 4164 477 4224 Eros.
492 4165 530 4224 V.
547 4167 742 4242 149—adfin.

87 4254 242 4332 praesentit
252 4256 373 4345 habent:
388 4255 445 4315 imd
456 4256 544 4316 etism
552 4257 582 4315 in
592 4269 741 4336 posterum
749 4257 986 4336 praestantiorem.
1016 4256 1165 4333 Caetenlm

82 4366 99 4404 n
123 4344 243 4424 objiciet
267 4347 336 4407 mihi
358 4367 425 4410 mea
453 4348 631 4412 conscientia
652 4370 699 4411 me
721 4350 921 4430 Neoptolemo
940 4348 1035 4411 verbis
1058 4347 1167 4426 asperis
