2738 4912
530 271 789 350 PYTHIA,·
817 272 884 338 On.
900 271 964 337 XI.

646 633 675 683 Σ.
690 625 726 688 α’.
759 633 793 682 Κ.
808 627 845 686 θ’.

312 814 315 819 »
360 727 549 849 Kantion
566 762 679 874 κίξαε,
704 763 850 871 Σεμέλα

359 906 434 987 Μὶν
451 904 705 1010 Ὀλυμπιάδων
724 909 903 1005 ἀγυιᾶτις,

357 1027 425 1110 'Irni
445 1027 479 1110 di
500 1025 676 1108 Λευκοθέα
693 1037 828 1109 ποντιᾶν

354 1152 600 1260 Ὀμοθίελαμε
622 1148 808 1261 Νηρηίδων,

276 1311 298 1374 5
350 1291 423 1373 Ἴτε
444 1293 503 1372 σὺν
519 1288 717 1401 Ἡρακλέος
736 1290 943 1402 ἄξιε-τόγας)

359 1420 498 1530 Macies
518 1421 588 1529 nice
609 1420 751 1500 Μελίαν
770 1420 916 1531 χρυσίων

355 1547 416 1636 Ἐς
435 1541 557 1625 oi'dvror
577 1542 733 1653 reincidat

357 1666 549 1780 Θῄσαυξόν,
571 1663 609 1748 dr
625 1667 786 1778 περίαλλ’
803 1667 872 1747 ἐτί-

411 1826 507 1900 μασε
529 1792 672 1887 Λοξίας,
803 1790 817 1800 ’

559 2109 672 2158 NOTAE
691 2108 923 2168 HEYNIANAE3

420 2229 592 2280 Incensosmrs
605 2232 759 2288 Qnmusnsm
774 2230 1056 2280 BENEDICTINIS.

173 2416 195 2459 1.
213 2409 333 2460 Herolnae
343 2425 371 2457 ac
383 2409 435 2458 deae
447 2411 577 2469 Thebanae,
592 2412 679 2460 Cadmi
696 2422 722 2461 et
756 2415 879 2462 occinunt.
914 2413 1047 2479 Templum
1061 2413 1184 2474 Apollinis
1194 2409 1307 2478 egregitur

137 2478 425 2541 narmoniae'pro‘genies,
435 2480 721 2535 Semcleairnmduirlr
755 2481 823 2528 navit
838 2496 889 2528 ver.
908 2476 1015 2531 6-11.'
1035 2483 1100 2548 παρὰ
1118 2483 1215 2532 Μελίαν.
1242 2473 1309 2528 afficti

137 2547 263 2611 Ὀλύμπῳ,
282 2555 307 2593 et
317 2549 375 2603 Ino,
394 2562 460 2595 nunc
477 2546 522 2595 dea
539 2548 640 2605 marine,
654 2548 720 2596 Leu-
755 2547 804 2595 fuit
823 2548 849 2594 in
865 2549 951 2597 eodem
964 2549 1056 2610 templo
1068 2549 1156 2614 religio
1167 2551 1241 2614 aliqua
1249 2547 1310 2598 Mela

136 2617 230 2662 cothea.
267 2614 331 2662 Cum
348 2615 386 2660 his
405 2616 525 2664 Alcmena
544 2615 678 2674 invocatur,
696 2625 725 2664 ut
758 2625 783 2663 et
795 2615 896 2674 Ismeni,
916 2633 990 2680 quem
1008 2632 1037 2663 ex
1061 2615 1109 2664 istd
1128 2616 1232 2680 nymphi
1247 2612 1312 2687 llpolq

135 2680 463 2743 pompae'victorisintersint.
498 2683 723 2731 Continuaturorn-
758 2693 906 2744 susceperatg
938 2684 1004 2732 unde
1024 2693 1049 2731 et
1070 2700 1163 2732 nomen
1184 2685 1232 2733 h.l.
1254 2684 1311 2744 templ*

135 2749 178 2806 tio,
201 2750 278 2811 lyrico
297 2749 384 2809 spiritu
401 2750 575 2808 circumducta,
593 2767 671 2814 usque
693 2750 724 2798 ad
758 2754 865 2807 Ismenii,
878 2748 991 2814 utvulgd
1006 2749 1132 2811 Apollinis
1145 2753 1250 2801 Ismenil.
1275 2747 1313 2798 lli·

136 2831 186 2862 ver.
197 2823 229 2863 24
234 2835 242 2874 3
260 2813 370 2879 adedque
390 2833 439 2865 ver.
453 2823 492 2876 11,
513 2829 567 2879 post
584 2820 657 2867 Scina
673 2834 723 2865 non
757 2817 840 2878 podes,
849 2834 918 2881 quos,
930 2836 945 2867 a
955 2818 1122 2868 sacerdotibus
1133 2820 1249 2870 dedicatos
1255 2831 1311 2872 amir

135 2881 208 2943 plene
230 2883 456 2947 interpungendum
480 2895 523 2943 est,
545 2901 590 2933 nec
613 2902 661 2934 ver.
683 2891 722 2944 18,
760 2885 893 2932 Pausanias
906 2897 1025 2934 memorat
1035 2886 1088 2934 IX.
1100 2894 1140 2936 10.
1157 2904 1207 2936 non
1218 2891 1314 2946 hucne

136 2960 191 3010 post
217 2951 307 3016 leviga.
359 2952 494 3015 Jungenda
527 2969 623 3015 quoque
649 2962 720 3001 sunt:
757 2961 823 3010 tant;
841 2953 883 3000 sed
899 2953 1004 3001 Pindaro
1024 2964 1083 3002 sunt
1094 2959 1174 3014 αανεί,
1186 2954 1314 3018 antiquatio

139 3015 721 3086 Kalipmao‘gaa‚etver.12.danilu‘hpnorlac,
757 3023 868 3075 donaria,
885 3020 912 3067 in
931 3021 1020 3085 quibus
1042 3022 1118 3070 etiam
1141 3023 1219 3071 literis
1231 3017 1318 3071 Cadmei³

137 3098 192 3145 quae
209 3085 316 3147 junctim
335 3096 431 3135 essent:
463 3086 540 3141 nullu
565 3086 660 3150 Κάδμον
683 3090 723 3136 καὶ
756 3087 866 3148 inscripti
883 3097 932 3136 tres
949 3089 986 3135 illi
1004 3104 1089 3137 versus
1102 3101 1170 3150 sunt,
1190 3107 1245 3155 quos
1255 3089 1316 3152 Hert·

136 3152 264 3216 Ἀρμενίας.
300 3155 425 3203 anentnr
435 3162 516 3202 autem
528 3158 610 3203 adesse
621 3158 654 3203 ad
665 3167 725 3205 tem·
758 3154 838 3213 dotus,
853 3156 885 3204 V.
899 3160 939 3214 59,
952 3167 1081 3205 memorat.
1119 3158 1206 3206 Fuisse
1222 3160 1245 3206 in
1253 3154 1316 3206 codem

136 3221 204 3280 plum
219 3220 341 3281 Apollinis
352 3224 464 3278 Ismenii,
482 3230 511 3270 ut
521 3238 615 3282 pompae
626 3226 723 3273 victoris
757 3222 850 3284 templo
861 3229 970 3286 μαντεῖα,
983 3239 1013 3271 ex
1020 3240 1070 3274 ver.
1082 3230 1122 3283 11,
1131 3225 1249 3275 discimus

137 3289 170 3335 od
178 3288 240 3335 itlnd
248 3290 368 3338 ducenda
375 3292 490 3338 intersint
497 3297 520 3336 et
527 3291 618 3350 hymno
626 3293 723 3341 victorie

457 3497 724 3549 PARAPHRASIS
742 3502 1015 3554 BENEDICTINA.

598 3603 751 3662 Senoniae
766 3605 790 3663 1.
808 3611 894 3666 1—9.

177 3707 205 3768 Ο
218 3700 421 3775 Cson1'filiae3
436 3717 469 3764 tu
477 3706 594 3785 quidem
605 3707 853 3777 Semele‚dearum
863 3711 1024 3770 coelestium
1031 3713 1113 3775 facta
1122 3711 1309 3779 contubernale
1346 3752 1348 3791 ;
1364 3732 1365 3738 ’

136 3810 292 3878 postquam
318 3798 440 3857 fulmine
465 3798 581 3876 Jupiter
609 3810 638 3857 te
661 3799 805 3869 extinxit3
838 3814 936 3880 tuque,
962 3808 1111 3865 communi
1138 3830 1205 3869 cum
1228 3799 1310 3868 maduit

137 3891 315 3952 Nereidibus
329 3891 457 3949 thalamo
471 3902 566 3962 utens,
581 3891 645 3961 lno,
655 3891 735 3950 facta
747 3893 920 3952 Leucothea
934 3895 1052 3955 Matuta
1067 3898 1133 3971 dea,
1148 3893 1310 3981 postquamlss

136 4003 218 4042 mare
230 3982 410 4061 precipitem
432 3994 461 4042 te
482 3982 605 4042 dedisti:
626 3982 747 4043 itecum
761 3984 914 4056 Alcmena,
930 3986 1069 4048 Herculis
1083 4004 1187 4064 matre,
1208 4000 1309 4072 praestan·
1365 3998 1369 4009 ’

135 4074 312 4134 tissimorum
338 4073 464 4132 filiorum
490 4074 649 4153 genitrice;
680 4075 721 4135 ite
748 4076 786 4135 ad
813 4076 945 4148 Meliam,
975 4079 1089 4140 Oceani
1115 4083 1212 4157 filiam,
1234 4071 1309 4142 nmen
1367 4086 1369 4101 ¹

136 4182 273 4234 sororem,
284 4162 362 4242 apud
376 4183 463 4241 quam
473 4176 518 4222 est
532 4166 692 4239 oraculum,
707 4180 843 4228 vocatum
857 4169 893 4227 ab
906 4168 1045 4246 Apolline
1059 4172 1309 4249 Ismenium3inq1¹⁰
1360 4176 1369 4240 s

135 4274 290 4316 aureorum
303 4254 460 4333 tripodum,
474 4274 492 4315 a
507 4255 655 4319 Thebanis
668 4271 914 4333 consecratorum,
931 4269 977 4320 est
991 4261 1097 4341 copia;
1358 4251 1365 4265 ‘'
