2700 4920
516 299 756 380 PYTHIA,
802 302 869 369 On.
886 303 931 368 X.

601 470 606 476 ·
626 511 654 558 Σ.
668 503 704 562 α’.
746 511 780 562 Κ.
792 501 817 561 ι’.

335 589 493 709 ὈΛΒΙΑ
513 615 751 722 Λακεδαῖμον·

339 740 518 846 Malanga
539 737 745 817 Θεοπαλιά·
774 737 904 850 πατξος

340 863 387 939 Δ’
409 856 622 969 οόμφοτέξαις
643 861 679 955 ἐξ
699 857 764 949 {vlf

335 984 605 1093 Ἀξιττομὸιχον
627 981 716 1083 γένος
735 983 933 1094 Ἡρακλέος
950 990 1152 1088 βασιλεύει.

259 1128 282 1191 5
340 1111 413 1202 Τίς
443 1109 579 1217 κομπέω
597 1102 695 1219 neapol
715 1107 853 1220 καιξίνς

340 1234 470 1314 Ἀλλά
487 1269 534 1341 με
555 1235 659 1313 Hodoi
676 1269 712 1313 τε
732 1235 795 1314 καὶ
816 1232 853 1315 ad

341 1365 537 1436 Πελινναῖον
555 1354 656 1435 οἰπῦει

338 1476 536 1559 Ἀλεῦατε
556 1478 691 1574 παῖδες,
710 1478 901 1586 Ἱπποκλέα

344 1602 510 1694 Θέλοντος
530 1609 684 1705 ἀγαγεῖν
704 1605 890 1716 ἐπικωμίαν

239 1743 287 1806 10
341 1727 484 1837 ’Andeda
503 1729 639 1808 κλωτοὶν
658 1725 742 1809 data.

628 1883 662 1933 A.
675 1875 712 1934 αι’.
752 1884 786 1936 K.
801 1876 827 1936 ι’.

342 1965 488 2047 Γεῦιται
508 1968 581 2079 γὰρ
601 1967 739 2048 ἀέθλων·

344 2098 491 2203 Στξατῷ
510 2096 538 2175 τ’
557 2094 817 2202 Ἀμφικτυόνων
833 2093 852 2176 o‘
869 2105 968 2206 Παξ-

397 2225 531 2313 νοὶπτιος
550 2221 651 2304 αὐτὸν
669 2221 787 2332 μυχός

548 2418 660 2468 NOTAE
674 2418 893 2483 ,HEYNIANAE
901 2436 909 2478 ;

418 2502 589 2552 Iunsnrosms
603 2504 757 2560 Quiousonm
775 2500 1057 2554 BENEDICTINIS.

161 2647 188 2694 5.
204 2642 240 2702 τίς
261 2639 353 2698 :ouria
359 2641 518 2708 παρὲκιιιρίις
536 2643 613 2704 qaid?
626 2641 716 2692 tenter&
785 2647 810 2689 8.
826 2641 889 2709 ἅγιοι
900 2644 972 2703 κῦμα
982 2642 1068 2691 victori
1079 2641 1221 2704 Hippocleae.

128 2729 160 2760 ne
177 2715 228 2760 lioec
247 2711 351 2774 loquor?
379 2708 497 2758 nullane
517 2709 604 2758 causi?
633 2726 666 2757 sc.
686 2709 717 2758 de
787 2714 826 2756 12.
844 2711 887 2773 (h)
900 2715 1000 2776 στρατῷ,
1012 2727 1065 2773 pro,
1077 2713 1097 2761 h
1107 2709 1182 2775 emole!
1191 2704 1290 2766 cals’dplt·

130 2778 248 2826 Herculis
273 2778 354 2840 stirpe.
400 2775 522 2825 Minime:
555 2778 623 2827 ιἰλλιί
644 2797 717 2841 μι-
750 2776 852 2825 annisus.

129 2847 203 2904 ertu,
211 2849 298 2909 poscit.

452 2936 723 2988 PARAPHRASIS
743 2936 1015 2987 BENEDICTINA.

577 3018 732 3076 Santonus
746 3017 769 3074 I.
787 3021 894 3075 1-10.

171 3107 439 3179 Qusuanmonum
453 3107 541 3165 beata
554 3126 585 3165 es
602 3108 629 3165 0
646 3107 852 3177 Lacedaemon,
868 3107 910 3166 sic
925 3105 1012 3166 etiam
1027 3119 1060 3166 tu
1073 3107 1144 3166 felix
1160 3127 1189 3167 es
1202 3106 1225 3165 0
1238 3100 1300 3162 un·

131 3195 211 3266 salia,
226 3195 399 3266 eonomine,
416 3195 495 3274 qnod
508 3217 616 3274 genere
631 3210 660 3257 et
677 3197 856 3277 principibus
873 3217 957 3275 pares
974 3197 1052 3256 estis.
1094 3199 1172 3257 Nam
1185 3193 1301 3276 principes,

130 3287 180 3367 qui
194 3307 315 3366 regnum
330 3300 456 3346 vestrum
477 3289 618 3358 obtinent,
634 3309 672 3346 ex
687 3308 745 3347 uno
765 3289 927 3366 eodemque
940 3301 1033 3366 patre,
1049 3288 1185 3348 nimirum
1200 3281 1302 3347 hercule,

130 3380 366 3460 praestantissimo
385 3380 414 3437 in
434 3381 539 3458 pugnis
558 3381 658 3450 heroe',
674 3382 756 3441 vobis
770 3383 909 3440 ambabus
924 3394 992 3439 sunt
1005 3381 1130 3441 oriundi.
1174 3379 1229 3440 Sed
1242 3368 1303 3455 quid?

130 3477 281 3555 utriusque
295 3496 387 3555 genus
412 3477 566 3547 extollens,
594 3476 943 3556 intempestive‘glotior?
989 3475 1054 3536 lmd
1079 3478 1149 3537 verd
1173 3463 1304 3554 tempestivi

126 3568 214 3648 hujus
223 3568 410 3626 honorificam
421 3560 597 3626 mentionem
606 3567 696 3627 facio:
712 3569 855 3648 siquidem
865 3568 966 3647 patriae
979 3569 1042 3628 laus
1057 3571 1180 3629 in'eives
1188 3563 1304 3628 redundat

131 3672 162 3720 et
174 3663 267 3720 virum
282 3661 452 3720 Thessalum
467 3661 586 3719 laudare
604 3662 687 3720 volo:
709 3663 747 3720 ad
762 3661 841 3739 quod
855 3681 901 3718 me
915 3661 1069 3719 hortantur
1083 3675 1113 3721 et
1129 3663 1232 3742 Pytho,
1245 3664 1307 3718 certt·

129 3752 214 3812 minis
227 3754 310 3812 locus
321 3753 452 3823 celebris,
469 3765 498 3811 et
513 3753 702 3823 Pelinnaeum,
719 3752 876 3812 Thessaliae
896 3752 1046 3830 oppidum,
1062 3754 1181 3812 victoris
1197 3749 1279 3831 patria,
1289 3748 1308 3797 el

131 3837 273 3914 Thessali,
290 3846 393 3904 Aleuae
404 3845 522 3915 subditi,
534 3844 722 3922 efflagitantes
734 3856 767 3903 ut
778 3842 985 3902 encomiastico
996 3844 1116 3922 hymno,
1128 3844 1215 3924 quiin
1227 3830 1308 3914 inclyl's

129 3940 255 4000 virorum
271 3941 383 4000 choreis
397 3961 472 4000 voce
487 3954 617 4010 canatur,
634 3941 830 4018 Hippocleam
846 3940 993 3999 decorem.

521 4034 763 4090 Anetsnnoaun
776 4032 801 4090 1.
817 4035 944 4089 11-20.
1199 4086 1204 4105 χ

84 4146 97 4155 ·
167 4123 257 4193 Nam,
273 4135 420 4182 certamen
434 4124 610 4202 Pythiacum
633 4143 798 4202 aggressus,
814 4142 874 4181 suae
902 4119 1016 4180 virtutis
1038 4119 1202 4200 periculum
1221 4113 1310 4181 teche

128 4216 277 4295 specimen
291 4218 400 4278 edidit:
422 4239 548 4297 eumque
563 4219 591 4276 in
609 4219 742 4279 Parnassi
757 4237 884 4288 recessu,
900 4217 948 4296 qui
963 4230 1008 4276 est
1023 4217 1134 4297 Pytho,
1149 4219 1178 4276 in
1190 4219 1306 4302 numeret⁰
1348 4292 1349 4297 η

128 4307 393 4388 Amphictyonum,
409 4309 446 4369 de
459 4311 579 4370 victoria
594 4311 798 4388 judicantium,
814 4321 905 4382 coetu,
920 4307 996 4367 inter
1005 4311 1132 4387 juvenes
1146 4297 1305 4390 praestautittl·
