2754 4898
368 685 686 789 fructur
735 681 928 782 VITA·
1047 756 1049 759 ψ

141 1146 392 1281 vPrurunrru's
419 1217 540 1277 noster
556 1202 624 1278 fuit
648 1203 852 1293 Thebanus,
871 1229 914 1277 ex
932 1203 974 1279 iis
990 1205 1135 1296 Thebis,
1153 1233 1233 1308 quae

88 1322 120 1396 in
156 1322 292 1396 Boeotit
327 1333 422 1409 sunt,
457 1318 637 1392 oriundus.
692 1319 798 1390 Hunc
832 1317 890 1391 alii
937 1320 1140 1419 Daiplranti‚
1176 1322 1234 1396 alii

88 1435 250 1534 Scopelini
291 1435 404 1506 filiurn
437 1433 580 1506 faciunt.
634 1431 726 1504 Sunt
752 1430 811 1528 qui
837 1432 1057 1506 binominem
1097 1448 1233 1532 patrem

88 1551 204 1632 dicant,
233 1563 274 1623 ut
305 1548 399 1622 idern
424 1548 469 1620 sit
486 1547 708 1646 Daiphantus
737 1558 773 1619 et
806 1545 1027 1644 Scopelinus.
1080 1549 1236 1648 Recepto

89 1690 124 1736 ex
166 1662 372 1737 auctoritate
406 1660 525 1734 Suidae
572 1660 745 1742 sententia
762 1649 854 1733 'haec
885 1673 949 1741 est,
991 1660 1092 1735 illum
1129 1662 1236 1736 fuisse

88 1777 268 1875 Daiphanti
283 1776 408 1848 filium.
459 1775 647 1855 Auleticen
659 1774 695 1846 in
712 1773 828 1872 primrl
841 1773 991 1871 pueririt
1008 1800 1028 1847 a
1046 1775 1234 1876 Scopelino

88 1907 199 1988 patruo
233 1903 287 1963 est
314 1889 472 1976 edoctus,
491 1905 526 1961 et
542 1886 785 1988 postmodum,
811 1888 1031 1961 cumrerum
1059 1892 1235 1986 majorum

89 2031 184 2103 capax
218 2004 403 2092 videretur,
438 2005 482 2076 ab
517 2029 559 2077 eo
587 2001 734 2076 traditus
765 2015 818 2075 est
845 2003 938 2075 Laso
972 2003 1235 2095 Hermionensi,

88 2131 191 2216 pottae
221 2117 340 2214 lyrico,
360 2143 468 2214 aquo
499 2142 572 2190 non
601 2115 710 2189 modo
745 2141 886 2188 carmen
923 2103 1153 2215 componere,
1175 2119 1236 2191 sed

88 2233 183 2305 etiarn
214 2232 325 2328 lyram
358 2230 508 2327 pulsare,
527 2228 667 2330 didicit3
705 2254 811 2326 quom
839 2243 953 2314 artem
978 2230 1027 2302 ito
1046 2232 1176 2321 calluit,
1197 2245 1237 2305 ut

88 2345 283 2442 Lyricorum
301 2342 403 2420 facile
420 2344 580 2444 princeps
594 2342 750 2415 evaserit.
804 2345 938 2416 Habuit
956 2345 1061 2416 etiam
1080 2345 1238 2417 Simoni-

89 2457 158 2531 dem
191 2459 228 2531 in
264 2458 419 2532 carmine
463 2471 499 2530 et
542 2458 616 2554 lyris
654 2469 920 2557 praeceptorem,
952 2473 1030 2530 turn
1068 2458 1235 2556 temporis

89 2574 293 2672 praecipuum
318 2571 496 2669 Lyricum.
549 2569 632 2658 Fuit
663 2568 784 2658 etiam,
809 2568 917 2641 Suidrl
938 2583 1038 2659 teste,
1071 2557 1268 2667 My'rtidis‘*

90 2687 230 2760 mulieris
250 2686 452 2783 discipulus.
505 2686 633 2762 Factus
644 2697 749 2757 aetote
766 2682 949 2768 maturior,
964 2708 1110 2756 uxorem
1123 2683 1235 2773 duxit,

92 2824 125 2871 ex
150 2804 218 2898 qut
244 2801 373 2873 liberos
390 2813 459 2873 tres
477 2798 643 2896 suscepit,
661 2796 906 2896 Diophantum
925 2795 1050 2885 filiurn,
1078 2796 1235 2895 filiasque
1300 2826 1310 2860 r

91 2912 349 3002 Protomaohen,
383 2927 418 2986 et
444 2914 657 3012 Polymetin,
692 2937 800 3010 quarn
828 2909 954 2983 Suidns
981 2910 1148 2983 Eumetin
1174 2937 1234 3008 ap·

90 3027 191 3121 pellat.
245 3029 404 3102 Fratrum
423 3027 546 3101 habuit
559 3026 781 3099 Erotionem.
837 3027 879 3097 In
899 3024 1125 3097 matrimonio
1140 3027 1235 3098 caste

90 3142 205 3215 multos
222 3167 336 3215 annos
355 3141 450 3231 vixit,
474 3143 661 3215 doctorum
689 3139 934 3242 familiaritate,
965 3147 1001 3212 et
1031 3139 1235 3236 Principum

90 3255 228 3327 amiciti-<i
247 3280 344 3328 usus.
398 3256 451 3328 Ita
465 3256 521 3353 pie
539 3281 577 3328 se
603 3254 723 3354 gessit,
742 3268 781 3325 ut
796 3253 946 3340 Rheam,
971 3253 1175 3350 Apollinem
1199 3261 1252 3354 et

90 3365 169 3442 Pano
186 3372 320 3468 magno
338 3370 561 3444 veneratione
580 3369 739 3457 coluerit,
757 3382 792 3440 et
805 3392 914 3466 prope
933 3367 1042 3439 ereae
1061 3365 1234 3462 templum

88 3482 165 3556 aedes
198 3485 331 3556 habere
357 3483 516 3554 voluerit.
570 3483 652 3556 Fuit
683 3481 889 3578 Lyricorum
915 3482 1122 3554 Graecorum
1147 3502 1235 3577 prae-

86 3597 324 3678 stantissimus,
343 3596 436 3668 unde
461 3596 549 3669 illud
565 3595 743 3695 Antipatri
763 3596 809 3683 εἰς
827 3590 940 3673 εἰκόνα
959 3591 1147 3703 Hrrluipov',

246 3739 368 3822 Ntssgu'orr
383 3741 470 3799 ior-lm
485 3742 607 3814 σάλπιγξ
623 3741 757 3822 ὑπιςιάχιν
771 3741 867 3811 arinis,
936 3724 937 3727 Ἴ

290 3831 384 3889 To'ccor
401 3833 463 3912 ὑπὲρ
477 3836 566 3898 παίσας
579 3831 670 3914 ἰ’κςαγι
685 3838 734 3890 σεῖο
748 3832 838 3907 χέλυς.

248 3922 318 3984 obit
329 3924 413 3999 purim
427 3926 530 3990 ὶποιλὸς
544 3927 625 3997 ξουθὸς
638 3927 694 4005 mel
704 3927 815 4000 χείλεσιν
829 3925 902 3999 ἱσμὶς

282 4015 411 4074 '‘Eorum-r
422 4015 547 4097 xngllrror
562 4014 672 4096 Hr‘rlagr
687 4020 736 4077 cria
748 4013 818 4090 μέλι.

247 4106 361 4186 Μοίςτυς
377 4109 388 4164 o‘
402 4107 650 4187 Marrduromgo'rrr
666 4110 738 4175 Θιὶς,
754 4105 830 4181 l‘pru
840 4106 928 4172 ἀείσας

184 4268 192 4273 .
290 4204 339 4256 'ru
351 4198 400 4271 cio,
419 4203 465 4257 nal
481 4201 568 4276 roprr'orr
581 4199 718 4276 W‘lfflm
733 4197 857 4265 lotricum
