2700 4920
504 290 707 384 (327)

476 396 482 415 b

266 637 342 712 DE
379 637 559 722 LUDIS
598 636 635 709 N
643 633 894 724 EMEAEIS.

506 839 652 879 -.···n·.·-

37 976 198 1052 usuum
213 979 312 1051 Lunr
324 978 407 1054 dicti
421 991 502 1051 sunt
518 977 687 1052 aNemei
700 976 815 1074 Sylva,
828 978 881 1051 vel
899 977 1052 1076 regione,
1069 1001 1176 1076 quarn

37 1113 115 1163 mea
137 1089 247 1186 Asopi
264 1089 334 1161 filia
360 1089 410 1162 sic
436 1114 457 1162 a
483 1116 520 1162 se
541 1088 790 1162 denominavit.
841 1090 975 1164 Eorum
997 1103 1176 1164 auctorem

37 1227 82 1275 ise
115 1201 313 1275 fabulantur
347 1200 549 1289 Herculem,
584 1201 678 1298 quod
711 1201 759 1274 ibi
794 1200 1003 1277 Nemeaeum
1037 1202 1177 1283 leonem

37 1312 172 1387 :idisset
223 1312 295 1385 Alii
308 1311 463 1387 referunt
479 1314 524 1386 ad
541 1314 646 1386 duces
663 1313 850 1387 Thebanos
860 1314 937 1388 illos
954 1329 1101 1414 septem,
1118 1313 1177 1414 qui
1223 1347 1224 1351 ¹

37 1426 132 1521 lynici
149 1426 194 1499 ad
209 1425 349 1498 Thebas
368 1424 585 1512 militdrunt3
613 1439 649 1511 et
665 1425 714 1498 sic
730 1426 910 1501 historiam
929 1442 1138 1502 contexunt:

37 1536 173 1640 Septem
213 1536 319 1611 duces
352 1537 473 1636 Argivi
509 1538 592 1612 clun
625 1538 765 1613 Thebas
799 1539 954 1639 Polynici
988 1540 1176 1614 militatum

36 1665 129 1742 ssent,
147 1652 182 1723 in
205 1650 261 1723 vit
287 1648 343 1722 siti
367 1650 528 1747 correpti,
554 1651 591 1723 in
610 1650 820 1750 Hypsipylen
844 1652 1030 1728 Lemniam
1046 1649 1177 1726 incide*

36 1777 72 1851 rt,
104 1789 183 1861 quae
217 1763 380 1861 Lycurgi,
414 1762 601 1837 sacerdotis
635 1764 744 1848 Jovis,
779 1779 816 1841 et
846 1766 1034 1864 Eurydices
1065 1765 1176 1840 lilium

36 1876 167 1950 ›heltom
201 1875 344 1950 ferebat.
397 1877 485 1950 Haec
519 1890 652 1975 rogata,
685 1891 853 1975 tanquam
884 1880 994 1977 perita
1026 1878 1179 1978 regionis

36 2011 65 2076 rs,
96 1999 137 2060 ut
170 2014 297 2087 aquarn
331 1990 542 2079 ostenderet,
582 1991 726 2079 alumno
765 1993 855 2076 inter
887 1995 1012 2068 herbas
1044 1993 1181 2083 relicto,

36 2100 120 2177 cibus
146 2101 214 2174 illis
241 2103 286 2174 ad
312 2101 446 2178 iontem
476 2103 540 2175 viae
564 2104 635 2178 dux
668 2102 745 2176 luit.
817 2106 961 2188 Interim
994 2105 1181 2204 Opheltes,

36 2228 116 2288 sente
134 2215 281 2302 nutrice,
300 2240 420 2290 morsu
432 2217 592 2289 venenati
607 2216 774 2314 serpentis
788 2231 929 2290 enectus
942 2231 1007 2291 est.
1059 2220 1180 2294 Duces

36 2336 94 2401 tem
112 2353 195 2402 curn
214 2327 402 2426 Hypsipyle
421 2329 546 2401 reversi
571 2327 606 2400 in
633 2352 716 2401 eum
739 2328 870 2417 locum,
888 2353 925 2403 re
941 2330 1013 2403 visd
1029 2354 1179 2440 puerum

35 2439 195 2530 pelierunt,
214 2454 261 2523 et,
280 2440 395 2513 occiso
414 2455 585 2539 serpente,
602 2441 641 2512 in
658 2440 802 2515 nutricis
820 2440 983 2519 solatium
1002 2455 1179 2528 certarnen

35 2553 117 2634 lehre
135 2552 239 2626 tertio
254 2578 392 2650 quoque
409 2578 502 2626 anno
520 2553 765 2628 celebrandum
783 2552 1019 2627 instituerunt.
1071 2557 1178 2652 Quae-2

35 2684 64 2736 ur
90 2679 221 2749 autem,
250 2691 319 2763 quo
348 2679 448 2763 pacto
479 2666 516 2755 in
544 2664 729 2739 Lemniam
760 2665 944 2757 mulierem
961 2664 1144 2738 inciderint
1163 2663 1179 2748 l,

35 2775 52 2848 d
75 2780 156 2853 huic
187 2778 372 2876 quaestioni
398 2779 466 2860 hoc
496 2778 603 2852 modo
627 2776 841 2859 satisfaciunt
863 2804 907 2855 ex
927 2778 1114 2876 Theogene
1140 2776 1207 2875 in,

35 2911 77 2963 tus
94 2882 319 2989 AEgineticis.
372 2892 584 2966 Lemniades
596 2891 757 2975 mulieres
776 2891 859 2965 cbm
876 2916 920 2965 ex
935 2905 1036 2990 pacto
1054 2914 1179 2964 omnes

35 3024 59 3075 ts
89 3005 297 3087 occidissent
329 3004 432 3094 viros,
467 3004 540 3077 sola
571 3003 758 3102 Hypsipyle
783 3004 938 3099 Thoanti
970 3002 1059 3102 patri
1088 3000 1179 3084 illius

35 3117 97 3190 ulae
131 3118 204 3216 regi
238 3116 403 3216 pepercit.
469 3121 587 3201 Quam
614 3121 659 3192 ob
686 3108 827 3194 oausam
860 3116 1071 3212 Lemniades
1100 3140 1178 3191 eam

37 3257 71 3307 tn
103 3235 272 3324 iecerunt,
298 3249 334 3308 et
368 3234 480 3333 capite
514 3235 685 3309 mulctare
716 3236 952 3310 decreverunt.
1020 3231 1093 3307 Sed
1125 3232 1179 3306 his

35 3344 98 3420 litis
127 3347 263 3445 aufugit
292 3348 494 3446 Hypsipyle,
524 3361 560 3420 et
589 3348 626 3420 in
652 3349 803 3426 latrones
837 3347 972 3437 incidit,
1006 3344 1177 3444 aquibus

35 3485 133 3558 curgo
163 3459 338 3533 divendita
361 3473 439 3547 est;
466 3460 538 3557 qui,
562 3460 633 3533 sire
651 3462 870 3534 Nemeorum
896 3486 967 3549 rex,
985 3458 1057 3532 sive
1082 3455 1179 3552 Jovis

37 3578 148 3666 erdos,
182 3576 232 3651 illi
262 3576 373 3655 filiurn
405 3577 594 3674 Opheltam
627 3575 852 3656 nutriendum
887 3576 993 3650 dedit.
1058 3575 1180 3670 Itaque

35 3704 275 3773 :transeuntes
293 3691 343 3763 illi
361 3691 465 3764 duces
483 3692 519 3763 in
533 3717 611 3765 eam
622 3690 722 3775 facile
732 3690 939 3763 inciderunt.
991 3687 1178 3762 Pausanias

48 3802 202 3875 Phocicis
237 3802 285 3877 ait
310 3804 501 3878 Adrastum
527 3816 707 3878 auctorem
734 3827 824 3900 esse,
851 3815 887 3875 et
916 3827 976 3875 eos
1004 3802 1063 3899 qui
1094 3798 1178 3875 dicti

35 3926 58 3993 t
72 3915 235 4015 Epigoni,
257 3916 503 3990 instauratores
520 3915 639 4005 fuisse,
658 3917 888 3988 Nemeorum.
941 3915 984 3987 ln
1005 3914 1176 3986 honorem

35 4025 139 4100 »hdtae
168 4027 275 4125 igitur
307 4028 509 4102 institutum
535 4040 588 4100 est
616 4027 685 4099 hoc
716 4040 893 4099 certarnen
924 4025 1078 4099 funebre.
1143 4025 1178 4097 Is

35 4147 94 4213 tem
121 4139 197 4227 alio
218 4138 362 4212 nomine
390 4140 503 4214 dictus
533 4152 586 4213 est
610 4139 871 4222 Archemorus;
897 4137 1061 4235 quoniam
1088 4139 1179 4209 Arn-

35 4253 135 4334 ioraus
152 4274 247 4343 vates
266 4256 417 4334 mortem
435 4262 509 4358 ejus
527 4264 571 4337 ab
587 4260 687 4335 initio
705 4261 790 4337 ›vitae
816 4262 995 4362 praedixit3
1021 4273 1058 4336 et
1084 4246 1178 4360 ἂξχῆ

35 4377 192 4480 incipiam,
211 4370 314 4482 uigor
330 4400 469 4457 mortem
486 4383 667 4481 significat.

533 4520 558 4568 r
576 4521 602 4568 r
