2754 4898
464 353 643 404 muniar
668 355 778 404 v1ra.
929 378 931 384 ,
1134 334 1215 433 (25)

69 489 204 561 Morum
241 484 512 558 mansuetudine
545 484 612 557 fuit
649 484 755 557 etiam
788 482 981 581 hospitibus
1016 500 1052 559 et
1083 486 1213 562 civibus

66 600 243 695 jucundus,
257 598 352 671 unde
370 598 491 696 Epigr.
510 597 571 670 lib.
592 597 659 669 Ill.
678 596 851 669 Leonides
863 596 977 670 canitr
1031 638 1034 645 ν

224 754 324 821 ’'Ha-105
338 753 367 823 ἦν
381 746 559 844 {alrorrur'srlrg
574 754 623 837 ihs,
638 759 685 814 acl
699 756 773 826 φίλος
787 759 885 828 cinric,
927 773 930 779 ’

289 845 425 927 IIr'rdrrgof,
440 847 548 919 siddim
564 846 689 928 Hrtqt'dur
702 846 842 928 argimirus.

71 984 167 1067 Quod
184 986 233 1058 sic
249 1000 369 1058 verto:

195 1124 427 1215 Cierium-armas,
441 1116 558 1205 blundo
569 1118 736 1224 peregriiris,
749 1144 977 1205 dulcisonantum

254 1237 371 1295 Praesul
379 1237 525 1295 Pieridum
539 1237 684 1295 Pindarus
695 1235 771 1295 hicce
774 1237 849 1313 suit.

71 1372 288 1468 Quamquam
322 1384 440 1444 autem
462 1373 535 1467 ejus
561 1371 655 1444 laudi
685 1371 866 1456 detrahere
889 1371 1036 1462 videtur,
1063 1373 1158 1469 qudd
1190 1399 1212 1447 a

71 1484 207 1557 muliere
236 1485 342 1558 fuerit
358 1501 539 1584 superatus
563 1484 731 1575 carmine,
758 1485 882 1558 veritas
900 1499 1019 1558 tamen
1042 1488 1210 1584 probrum

69 1596 262 1693 hujusmodi
292 1596 395 1672 tollit.
448 1600 556 1688 Nam,
588 1614 628 1671 ut
655 1613 802 1671 testatur
820 1599 999 1682 AElianus,
1026 1599 1087 1673 lib.
1106 1600 1209 1672 xlll.

71 1736 95 1782 c.
111 1725 168 1784 25.
228 1713 397 1786 Pindarus
431 1720 535 1812 polita
556 1713 702 1803 Thebis,
725 1714 776 1785 in⁴
799 1713 1023 1787 contentione
1040 1713 1211 1813 imperitis

71 1826 274 1899 auditoribus
320 1853 416 1917 usus,
450 1827 632 1925 quinquies
662 1853 683 1901 a
718 1827 873 1900 Corinnb
916 1841 1096 1926 superatus
1147 1838 1212 1901 esti

73 1937 286 2037 Redarguens
327 1942 408 2012 vero
443 1940 628 2014 ruditatem
679 1940 849 2039 ipsorum,
901 1940 1070 2013 Pindarus
1095 1964 1211 2013 -suem

72 2053 194 2125 vocavit
212 2053 419 2126 Corinnam.
473 2055 590 2135 Quare
608 2053 772 2126 meritum
785 2053 918 2150 accepit
934 2078 956 2126 a
974 2052 1212 2137 Quinctiliano

74 2167 275 2256 encomium,
291 2167 353 2240 lib.
372 2170 417 2240 X.
436 2192 467 2241 c.
488 2182 520 2240 1.
564 2167 696 2239 Novem
710 2166 914 2263 Lyricorum
928 2164 1025 2262 longi
1040 2166 1214 2239 Pindarus

72 2283 216 2377 princeps
223 2311 234 2363 ,-
299 2278 438 2378 spiritus
495 2277 744 2376 mugnficentid
756 2310 769 2362 ,·
828 2283 996 2353 sententiis
1003 2311 1014 2362 ς
1058 2283 1190 2376 figuris
1202 2308 1215 2360 ,·
1287 2343 1291 2349 .

75 2390 248 2465 leorusirnd
293 2419 408 2465 rerum
449 2394 702 2492 verborumque·
720 2390 834 2490 copid3
883 2410 915 2466 et
948 2396 1038 2467 uelut
1068 2393 1215 2490 quodam

75 2508 252 2604 eloquentiae
284 2509 458 2599 flumine3
497 2520 642 2606 propter
676 2533 752 2605 quoe
785 2508 954 2580 Horatius
991 2533 1064 2579 cum
1096 2501 1214 2576 meritd
1253 2573 1260 2585 ff

77 2619 165 2691 credit
203 2622 328 2692 nemini
358 2620 566 2718 imitabilem,
619 2621 685 2693 Ob*
713 2620 775 2692 has
810 2620 954 2692 virtutes
981 2619 1019 2691 in
1054 2616 1215 2691 universis

79 2730 201 2805 Gracia
230 2733 478 2806 honestissimo
506 2734 583 2807 loco
600 2732 668 2816 fuit
697 2721 848 2805 habitus.
901 2730 1007 2828 Apud
1024 2755 1106 2803 suos
1124 2730 1214 2803 cives

79 2845 156 2917 solus
194 2846 364 2919 Pindarus
413 2847 457 2919 ad
501 2872 598 2919 sacra
633 2844 807 2942 Apollinis
838 2857 891 2918 est
923 2844 1106 2933 admissus,
1139 2843 1214 2917 imo

78 2974 197 3053 partem
232 2960 449 3032 oblationum
480 2958 652 3059 Apollinis
671 2958 810 3049 meruit,
841 2971 877 3032 et
893 2960 986 3055 saepd
1009 2957 1053 3030 ad
1079 2983 1215 3031 sacram

80 3072 138 3166 ejus
179 3097 317 3147 coenam
362 3088 504 3146 vocatus
539 3084 605 3145 est.
673 3072 780 3171 Apud
804 3070 1036 3145 Athenienses
1065 3071 1214 3167 gratiam

80 3195 214 3268 obtinuit
230 3199 276 3268 ob
294 3197 560 3269 huncversum:
604 3186 762 3294 Arrupui
783 3185 845 3271 sal
867 3182 1016 3289 ἀοίδιμοι
1034 3180 1214 3275 Ἑλλάδος

80 3300 208 3413 ἔρεισμα
240 3310 373 3388 κλειναὶ
394 3309 551 3399 'Adiuro
583 3321 629 3392 ob
646 3343 765 3417 quem,
777 3319 861 3390 curn
878 3317 1022 3416 apatriai
1041 3338 1072 3386 Μ
1090 3317 1215 3393 drach-

80 3429 132 3501 mis
148 3429 269 3505 luisset
296 3433 497 3513 mulctatus,
519 3433 620 3527 (tunc
637 3431 733 3503 enim
750 3429 892 3502 hostiles
910 3445 1009 3502 erant
1025 3429 1081 3500 hae
1099 3431 1213 3510 urbes,

79 3541 214 3617 Athenae
249 3546 383 3618 scilicet
412 3561 448 3618 et
476 3543 637 3638 Thebae)
655 3545 756 3640 hujus
775 3543 937 3616 certiores
968 3540 1050 3615 facti
1067 3541 1214 3615 Atheni·

80 3677 176 3746 enses,
206 3658 286 3756 ipsi,
318 3662 360 3731 ed
376 3656 525 3756 pecuniis
543 3658 659 3745 missi,
680 3656 867 3729 Pindarum
884 3656 1084 3728 liberarunt.
1138 3654 1215 3726 Nec

81 3766 214 3843 dubium
249 3786 303 3845 est
338 3771 423 3868 quin
458 3772 501 3842 ab
531 3770 685 3843 Hierone
720 3768 824 3842 fuerit
857 3769 994 3840 habitus
1025 3766 1060 3838 in
1080 3764 1214 3862 preti03

18 3958 19 3963 ἵ
80 3878 234 3977 siquidem
267 3883 370 3956 illum
402 3882 560 3954 laudibus
594 3882 829 3981 prosequitur,
864 3893 900 3951 et
931 3882 974 3952 ab
1009 3904 1050 3950 eo
1075 3892 1217 3975 accepta

79 3993 229 4072 beneficia
275 4010 546 4070 commemorat.
613 3997 689 4068 Nec
724 3995 798 4064 rivo
834 3994 985 4078 tanthm,
1021 3992 1080 4063 sed
1112 3992 1217 4066 etiam

82 4125 214 4199 mortuo,
227 4138 313 4185 suus
326 4109 392 4181 luit
409 4110 533 4180 honos.
588 4109 680 4180 Nam
697 4108 779 4178 oum
798 4106 1056 4177 Laoedaernonii
1079 4104 1218 4177 Thebas

83 4241 147 4296 cum
158 4230 228 4299 toti
241 4224 388 4301 Boeotia
399 4236 580 4311 vastarent,
592 4221 732 4294 Pindari
744 4220 825 4293 solis
836 4220 969 4295 aedibus
979 4230 1219 4316 pepercerunt.

623 4356 649 4404 D

1234 2021 1264 2069 1·
