2754 4898
451 862 827 963 PRAEFATlO

248 1091 495 1161 secuntum
519 1087 743 1156 semrom
766 1081 1030 1153 rnmmrssn.

572 1295 714 1327 ς

151 1464 329 1540 AVORE
356 1462 595 1538 Eruditorum
629 1460 705 1558 qud
734 1457 855 1531 minus
884 1453 1034 1552 indigna
1050 1450 1239 1528 videretur

177 1594 301 1668 baecce
318 1593 445 1684 altera,
459 1590 571 1690 quim
589 1590 651 1664 illa
667 1590 767 1690 prior
780 1581 979 1673 Pindarici,
992 1583 1237 1695 Benedictini,

52 1723 257 1802 Dammiani
271 1725 479 1800 Voluminis
497 1723 634 1816 Editio,
666 1724 821 1799 summis
837 1722 987 1798 Viribus
1014 1721 1084 1796 fuit
1101 1721 1239 1796 allabo-

52 1864 181 1928 ratum.
234 1854 422 1940 Quantum
451 1853 538 1929 sand
567 1876 635 1953 per
663 1853 860 1929 humanam
886 1852 1023 1928 licebat
1049 1846 1240 1941 incuriam,

54 1986 252 2086 integritati
269 1991 397 2064 textus
429 1987 620 2064 servandae
647 1987 810 2061 animum
826 1987 1031 2084 oculosque
1046 1984 1242 2083 vigilanter

54 2121 299 2213 intendimus3
327 2134 367 2198 et
381 2124 457 2221 qud
479 2122 668 2222 ,studiosae
684 2121 880 2198 Juventuti
899 2121 946 2196 ad
964 2144 1096 2196 sensus
1113 2120 1241 2194 Poiitoe

54 2255 217 2331 sublimis
242 2255 502 2361 intelligendos
519 2257 604 2355 plus
621 2254 742 2332 adhuc
760 2242 842 2357 opis
859 2255 1022 2348 daretur,
1040 2253 1243 2329 auctiorem

54 2357 340 2459 Annotationum
373 2385 698 2460 Benedictinarum
732 2385 988 2485 excerpsimus
1024 2383 1265 2457 Numerum.-

53 2516 250 2591 Accedunt
276 2519 437 2617 denique
453 2518 561 2594 variae
578 2520 749 2617 quaedam
763 2519 969 2604 Lectiones,
995 2541 1018 2590 a
1033 2516 1133 2589 Viris
1150 2513 1253 2629 (ielis

55 2648 248 2725 chnnno
265 2651 477 2727 Beuunmo
501 2662 540 2726 et
556 2651 709 2727 Issnco
728 2651 980 2724 Cssnoaono
1014 2647 1244 2746 excogitatae,

57 2803 135 2876 quae
151 2782 330 2856 hactenus
347 2783 499 2881 quidem
516 2783 554 2857 in
572 2783 706 2857 Museo
725 2779 939 2857 Britannico
952 2777 1134 2880 repositae,
1147 2801 1246 2857 nunc

56 2911 212 3008 primum
229 2912 368 3012 publici
380 2910 474 3011 juris
496 2912 600 2988 fiunt.

102 3143 162 3218 De
180 3143 292 3218 variis
309 3143 527 3221 lectionibus
545 3145 749 3221 inserendis
767 3145 960 3222 consilium
977 3169 1000 3218 a
1017 3134 1246 3236 doctissimo,

61 3274 367 3374 sagacissimoque
385 3277 423 3350 in
447 3277 597 3378 scriptis
614 3277 842 3352 aestimandis
868 3276 1014 3369 Judice,
1034 3275 1073 3349 S.
1092 3273 1247 3360 PARR,

61 3397 208 3498 benigne
219 3401 534 3485 communicatum
543 3402 662 3476 secuti
673 3426 821 3490 sumus;
849 3400 1000 3476 easdem
1010 3422 1100 3474 vero
1116 3399 1154 3472 in
1162 3397 1249 3472 lllu·

58 3546 115 3597 seo
134 3524 353 3600 Britannico
371 3524 486 3601 luisse
504 3537 713 3602 asservatas
728 3526 836 3602 nobis
858 3525 1126 3610 indicaverunt,
1150 3533 1189 3597 et
1212 3524 1251 3597 in
1307 3593 1317 3607 g

57 3670 161 3723 usum
196 3661 369 3724 nostrum
402 3652 700 3727 transcribendas
734 3659 969 3736 curaverunt,
1002 3648 1081 3722 Viri
1116 3645 1252 3722 eruditi

55 3776 95 3855 Ε.
108 3779 157 3857 Η.
173 3780 375 3868 Boanum
404 3780 453 3854 Η.
464 3780 500 3856 J.
510 3781 646 3872 Tonn3
666 3782 716 3857 H.
730 3781 780 3857 H.
792 3781 954 3868 Bonam
974 3789 1013 3876 et
1024 3777 1059 3853 J.
1073 3776 1250 3851 Barcen.

53 3907 118 3984 His
134 3911 252 4011 igitur
268 3909 462 3987 benevolis
479 3910 517 3984 in
533 3921 661 3985 nostro
677 3910 803 4011 Opere
819 3907 983 4009 parando
995 3906 1252 4004 Adjutoribus,
1287 4010 1288 4015 Ἰ

51 4039 191 4120 sincero
210 4042 342 4119 animo
361 4050 559 4141 conceptas
576 4040 758 4115 habemus
775 4038 994 4137 egimusque
1012 4035 1161 4135 gratias.
