2754 4898
447 901 515 974 DE
541 900 810 977 OLYMPICIS
837 902 999 977 LUDIS.
1128 941 1132 952 ·

656 1141 815 1173 -4-

180 1282 391 1378 OrimrrcI
422 1303 542 1395 LUDI,
574 1305 611 1376 in
645 1303 783 1378 Graecid
817 1303 1046 1394 celeberrimi,
1077 1306 1120 1376 ab
1155 1304 1320 1401 Olympii

130 1415 238 1502 Elidis
281 1421 365 1493 urbe
409 1444 541 1491 nomen
582 1418 734 1501 habent3
776 1417 941 1515 Olympia
982 1444 1003 1490 a
1044 1417 1156 1490 vicino
1200 1432 1321 1489 monte

130 1531 309 1630 Olymp03
336 1558 415 1630 quae
442 1546 477 1604 et
493 1531 584 1618 Pisa,
611 1528 789 1626 Stephano
816 1543 969 1612 auctore,
1000 1528 1202 1626 appellatur.
1254 1529 1321 1602 Vel

130 1645 180 1716 sic
206 1645 289 1716 dicti
316 1660 408 1733 sunt,
434 1643 528 1741 quod
557 1642 592 1713 in
610 1641 707 1714 Jovis
726 1642 882 1738 Olympii
912 1642 1080 1714 bonorem
1109 1644 1151 1713 ab
1171 1639 1322 1714 Hercule

129 1743 451 1830 institutiluissent.
505 1755 552 1828 Hi
576 1754 648 1826 ludi
674 1755 934 1827 celebrabantur
949 1755 986 1826 in
1004 1755 1181 1853 Olympio,
1200 1754 1322 1851 quinto

129 1895 267 1967 quoque
297 1894 402 1958 anno,
433 1855 748 1974 unde’Olrvftmdt
776 1892 838 1964 pro
867 1870 983 1956 lustro,
1010 1893 1071 1939 seu
1100 1867 1322 1964 quinquennio

129 1996 327 2079 usurpatur.
380 1980 521 2054 Scholia
539 1980 676 2066 Graeca,
695 1993 729 2051 et
746 1979 819 2076 ipse
837 1981 1006 2053 Pindarus
1025 1980 1084 2053 Ol.
1105 1980 1152 2051 II.
1171 1978 1323 2052 referunt

36 2156 39 2159 .
129 2094 383 2167 institutionem
423 2094 513 2165 hanc
549 2091 713 2163 ludorum
742 2092 1009 2190 Olympicorum
1048 2093 1092 2165 ad
1119 2090 1323 2185 Herculem.

130 2208 221 2280 Item
253 2207 324 2280 Od.
341 2233 376 2279 x.
396 2207 552 2303 ejusdem
579 2203 669 2275 libri.
723 2206 813 2277 Item
842 2207 980 2288 Strabo,
1008 2205 1179 2276 lib.V111.
1232 2204 1322 2275 Her-

130 2318 236 2406 cules,
263 2320 309 2391 ob
336 2332 498 2416 negatam
525 2318 589 2390 sibi
621 2318 820 2390 mercedem
837 2319 880 2392 ab
897 2319 1022 2415 Auget
1039 2316 1205 2389 Eleorum
1230 2342 1322 2412 rege,

130 2432 276 2505 collecta
305 2433 500 2505 vicinorum
527 2457 648 2519 manu,
672 2430 811 2515 Elidem
837 2432 973 2520 invasit,
990 2434 1152 2530 Augeam
1183 2430 1322 2518 occidit,

128 2558 164 2617 et
194 2545 491 2618 commilitonibus
517 2542 739 2643 gratitudinis
765 2569 848 2641 ergo
874 2545 975 2617 ludos
1001 2544 1158 2641 publicos
1175 2543 1321 2640 aperuit,

22 2681 27 2689 ·
129 2683 172 2730 ex
201 2659 317 2756 spoliis
345 2658 489 2756 praemia
515 2683 726 2755 proponens.
780 2658 833 2730 Ita
850 2672 968 2730 autem
985 2658 1146 2746 instituit,
1164 2671 1203 2728 ut
1220 2658 1321 2755 plena

129 2772 230 2842 Luna
263 2785 522 2869 peragerentur.
578 2770 723 2843 Initium
755 2785 829 2843 erat
857 2771 1043 2845 undecimo
1076 2772 1133 2843 die
1167 2771 1322 2855 rnensis3

128 2908 169 2956 ac
186 2909 248 2980 per
265 2883 337 2956 dies
355 2897 505 2981 quatuor
532 2885 723 2956 certamina
746 2896 844 2957 erant
860 2884 897 2956 in
915 2885 1012 2956 omni
1036 2910 1164 2982 genere
1182 2883 1322 2975 artium,

127 2994 319 3093 praesertim
344 2996 399 3066 'in
439 2996 565 3083 Cursu,
608 2995 733 3085 Luctd,
772 2996 884 3086 Saltu,
922 2997 1046 3087 Disco,
1078 2996 1322 3095 Quinquertio.

131 3094 429 3187 Conveniebatad
447 3133 488 3180 ea
505 3107 702 3202 spectacula
727 3107 886 3181 universa
904 3108 1052 3182 Graecia.
1105 3109 1174 3183 Die
1192 3110 1322 3183 mensis

129 3219 268 3314 decimo
286 3234 383 3294 sexto
395 3219 587 3293 'victoribus
612 3220 758 3318 praemia
785 3222 1060 3299 decernebantur
1076 3249 1137 3320 per
1155 3223 1323 3296 Hellano-

129 3333 236 3406 dicas.
287 3335 397 3406 Erant
414 3348 532 3406 autem
551 3359 594 3405 ex
610 3334 748 3406 oleastri
767 3336 884 3438 ramis.
938 3336 1082 3425 Plinius,
1100 3336 1159 3408 lib.
1179 3358 1322 3407 xxxrv.

129 3472 205 3544 cap.
222 3460 259 3519 4.
312 3447 383 3530 Qui
401 3447 508 3519 semel
525 3446 674 3537 vicisset,
691 3448 815 3547 inquit,
839 3450 871 3522 ei
889 3449 1085 3548 erigebatur
1103 3462 1236 3522 statua:
1263 3448 1321 3546 qui

69 3625 70 3628 ,
128 3584 209 3633 vero
227 3573 292 3650 ter,
318 3559 349 3632 ei
366 3559 546 3657 erigebant
562 3556 705 3651 statuas,
724 3564 892 3660 expressis
911 3563 1017 3638 etiam
1032 3562 1190 3660 ipsorum
1208 3585 1319 3633 mem-

128 3672 211 3761 bris,
229 3698 314 3769 quas
335 3673 458 3745 Iconas
475 3675 655 3746 vocabant.

1044 3785 1272 3859 Bananrc‘r.
