2754 4898
525 299 741 368 OLYMP.
794 302 859 368 On.
877 302 938 368 111.

638 715 665 766 Σ.
676 704 711 764 α’.
743 713 776 764 Κ.
789 704 824 765 θ’.

185 796 192 826 ‚
224 809 227 813 ἵ
444 796 446 800 .

182 833 187 845 ’
238 875 242 882 ’
340 795 620 921 ΤΥΝΔΑΡΙΔΑΙΣ
640 869 677 914 rt
697 833 894 936 φιλοξείνοις
910 837 1015 931 ἁδεῖν,

265 946 269 962 ⁴
341 958 642 1063 Καλλινιλοαίομῳ
661 956 851 1063 ibana,

340 1080 487 1161 Κλεινοὶν
506 1080 744 1189 Ἀκράγαντα
764 1081 938 1192 pagosque,
960 1079 1126 1191 εὔχομαι,

279 1243 281 1248 ’
345 1203 493 1312 Θῆςοννος
512 1202 758 1308 ὄλυμπιονῖααν

266 1345 287 1406 5
338 1323 471 1431 Ὕμνον
492 1324 664 1434 dedolantis,
686 1325 976 1433 ἀκαμαντοπόδων

336 1444 461 1528 Ἷανιονν
480 1443 599 1528 ciacon

526 1691 653 1742 norm
673 1667 907 1753 nummum

406 1785 578 1836 Inntnrosmrs
591 1786 745 1842 Qmausnau
760 1781 1043 1836 BENEDICTINIS.

162 1925 311 1988 Inscriptum
327 1938 426 1973 carmen
450 1940 466 1973 a
488 1925 653 1987 grammaticis
677 1930 709 1991 a]
742 1923 800 1985 ξίνοι,
823 1923 906 1972 adesse
928 1922 974 1971 visi
997 1919 1076 1986 (unde
1097 1919 1156 1970 dicti
1167 1917 1262 1983 ξινννοοὶ),
1280 1930 1324 1971 ant

125 1994 325 2061 αὒαῷΘνίρονιιιῖς
339 1992 449 2052 Θνοξίνια.
484 1991 604 2054 supplent
612 1993 709 2042 Scholia
742 1992 851 2049 omniuo,
868 2002 911 2040 ant
926 1990 1048 2049 certidii;
1066 1995 1096 2036 ut
1108 1988 1200 2050 Apollo
1216 1998 1242 2038 et
1254 1989 1323 2038 Mer·

124 2063 216 2114 θύννοιι
246 2060 336 2109 eisdem
361 2069 442 2107 totum
469 2061 526 2118 hoc,
553 2069 620 2121 puto,
640 2077 707 2108 com·
742 2060 825 2107 curius
855 2059 970 2114 Pallante,
994 2058 1061 2105 unde
1089 2056 1180 2118 Apollo
1205 2057 1321 2116 θιοξίννοοί

124 2139 238 2179 mentum
255 2128 287 2176 de
310 2127 458 2176 Theoxeniis
468 2144 483 2175 a
496 2126 624 2175 Dioscuris
640 2128 711 2176 insti·
745 2127 852 2175 Pausan.
864 2127 928 2175 VII.
938 2131 976 2176 27.
999 2125 1078 2173 Erant
1086 2124 1188 2184 Θιοξίνοα
1199 2124 1321 2186 Delphis:

125 2197 187 2246 tutis
197 2197 307 2253 debetur,
316 2194 422 2256 petitum
433 2210 462 2242 ex
474 2210 521 2243 vss.
532 2210 569 2256 pr.
581 2203 606 2242 et
618 2198 657 2252 71,
668 2200 708 2245 72.
743 2203 772 2241 ut
792 2210 821 2242 ex
836 2194 927 2241 Athen.
939 2192 992 2241 IX.
1009 2196 1101 2254 pm.
1120 2192 1152 2239 A.
1165 2200 1241 2253 patet,
1251 2199 1276 2240 et
1291 2192 1326 2239 sic

125 2264 166 2312 his
193 2263 293 2328 quidem
315 2263 380 2310 male
404 2262 549 2310 intellectis:
580 2262 649 2326 quasi
679 2263 710 2311 de
743 2261 801 2309 alibi
817 2259 873 2308 alia.
907 2262 1018 2320 Φνλὸξιννν
1033 2268 1116 2308 autem
1129 2269 1188 2307 sunt
1200 2258 1325 2316 Dioscuri,

124 2329 231 2381 adventu
258 2330 360 2378 deorum
388 2339 495 2392 agerent.
542 2330 657 2378 Dioscuri
685 2340 711 2379 et
743 2344 793 2376 non
813 2338 910 2390 propter
927 2330 959 2377 οοὶ
980 2328 1090 2387 Θιοξίναν,
1109 2326 1151 2374 sed
1162 2326 1220 2390 quia
1232 2329 1326 2392 νοναῗνςοο

126 2398 228 2447 Helena
243 2399 334 2453 herois,
347 2407 375 2445 ut
385 2397 497 2458 pluribus
507 2396 574 2453 locis,
587 2397 710 2459 praecipuo
743 2408 800 2443 sunt
810 2395 940 2443 hominum
956 2395 984 2441 in
1000 2393 1140 2442 discrimine
1156 2395 1323 2442 versnntiuut:

124 2466 207 2531 aliquo
218 2464 287 2515 cultu
303 2465 379 2513 habiti
390 2480 441 2512 esse
451 2464 556 2512 debuere
569 2465 708 2528 Agrigenti,
742 2463 808 2527 quod
821 2463 953 2522 Simonidis
969 2462 1082 2522 exemplo
1101 2469 1201 2518 constat,
1213 2461 1326 2522 inprimis

124 2535 231 2598 (hocque
258 2533 313 2596 jam
341 2532 497 2580 Aristarchus
524 2542 654 2581 monuerat
680 2533 706 2580 in
739 2541 822 2579 tamen
834 2530 1009 2593 navigantium.
1026 2529 1237 2578 Tbeocr.XXII.
1251 2535 1326 2591 6-9.

126 2599 219 2662 schol.)
231 2601 294 2649 forte
304 2609 404 2664 agente
416 2599 545 2655 Theronis,
563 2609 605 2648 aut
616 2600 707 2649 atribu
740 2608 766 2647 et
774 2606 815 2647 23.
832 2600 853 2647 oi
859 2600 926 2660 ὄμφον
937 2601 1038 2648 svesaim
1045 2597 1140 2654 βοηθέοι,
1149 2595 1169 2644 οἳ
1178 2597 1239 2658 φίλοι
1247 2599 1325 2660 ἄμφω.

125 2667 341 2726 Emmenidarum,
369 2670 420 2733 (68,
433 2665 486 2728 69.)
515 2683 576 2730 quos
606 2678 631 2716 et
659 2668 706 2715 ins.
773 2673 848 2715 4-6.
875 2665 930 2713 Est
949 2665 1058 2725 impediti
1076 2663 1168 2727 aliquid
1179 2664 1206 2710 in
1222 2664 1261 2711 his
1271 2678 1324 2712 ver-

126 2735 173 2798 Py.
191 2735 276 2786 V1.5.
303 2745 431 2793 memorat,
456 2751 487 2782 ex
509 2733 558 2798 qud
580 2735 624 2783 ille
652 2736 707 2784 fuit
734 2733 823 2798 ¹sibus:
845 2729 944 2797 Θήρανοο
966 2732 1121 2794 bavariorium
1138 2731 1201 2793 ῧμιον
1218 2736 1323 2795 Anapus·

125 2801 255 2861 Traducta,
272 2812 301 2850 ut
316 2803 440 2865 probabile
457 2802 491 2858 fit,
509 2803 596 2866 religio
614 2803 707 2868 Argis3
742 2801 837 2852 sanaim
861 2802 935 2850 taam
961 2802 1031 2850 duras
1054 2801 1152 2865 ὄρθοίνοος
1171 2798 1227 2858 (seu
1243 2799 1323 2848 verius

123 2869 165 2918 hic
192 2871 261 2918 euim
289 2871 418 2919 Castorum
444 2869 493 2917 fuit
519 2870 621 2933 religio:
653 2871 703 2918 vid.
736 2867 862 2934 ὄρθανανς).
898 2868 979 2915 Sensit
989 2883 1086 2930 quoque
1098 2866 1270 2930 Mingarellus,
1282 2867 1324 2931 qui

124 2936 234 2986 Pansan.
246 2937 286 2985 11.
296 2943 336 2984 22.
356 2944 446 2998 p.161.
485 2936 536 2984 His
555 2937 637 2998 itaque
656 2937 703 2986 diis
737 2937 811 3000 ὄρθοῧν
837 2935 899 2997 ὕμνον
914 2943 980 2982 recte
996 2935 1045 2983 dici
1063 2945 1152 2997 negat;
1181 2936 1255 3000 ὶςθοῧν
1272 2951 1324 2984 ease

123 3019 223 3052 carmen
230 3003 326 3065 probari
333 3004 408 3066 cupit,
416 3014 445 3051 ut
455 3003 514 3050 alibi
521 3002 574 3050 aliis
585 3003 632 3050 diis
641 3013 705 3052 tute-
739 3005 850 3050 extollere
869 2999 992 3049 laudibus.
1026 3002 1114 3050 Isthm.
1126 3002 1146 3049 1.
1160 3008 1203 3050 64.
1220 3002 1270 3050 IV.
1280 3007 1322 3053 65.

121 3070 218 3119 laribus
227 3071 327 3118 urbium
333 3086 363 3119 ac
371 3071 520 3132 presidibus.
546 3070 624 3118 Haud
633 3071 707 3119 dubie
741 3069 786 3130 Py.
796 3069 844 3116 lv.
858 3074 914 3116 106.
934 3069 994 3132 (quo
1013 3068 1032 3116 l.
1049 3078 1085 3117 est
1100 3071 1246 3134 confirmare
1268 3073 1322 3120 ani·

122 3137 295 3199 scriptumest
314 3152 412 3185 samen
432 3136 459 3186 in
476 3136 602 3184 victoriam
616 3137 704 3200 Olym-
738 3133 826 3196 mum.)
858 3135 894 3182 At
906 3135 948 3183 01.
961 3136 1027 3185 VII.
1039 3141 1082 3184 88.
1094 3145 1130 3184 est
1141 3137 1235 3202 δονρθοὸν
1251 3139 1324 3201 λέγον,

72 3235 76 3244 ·
120 3204 210 3268 picam,
239 3205 374 3253 eundemne
402 3219 460 3252 curn
498 3205 578 3265 priore
603 3203 648 3252 int
676 3221 708 3253 an
740 3205 845 3258 laudem,
857 3201 924 3250 idem
943 3203 1009 3266 quod
1018 3205 1092 3270 igdoir
1103 3204 1174 3266 ipsos.
1210 3205 1322 3253 Ductum

121 3271 246 3321 diversam
263 3271 318 3336 quis
333 3271 439 3319 dixerit?
466 3271 526 3320 Jam
537 3280 621 3319 autern
632 3272 709 3320 iidem
740 3279 801 3331 puta
826 3270 843 3317 'a
869 3279 1031 3319 monumento
1060 3270 1098 3319 vel
1125 3269 1221 3330 statuai;
1250 3273 1323 3340 οόθοῦν

122 3339 241 3389 Dioscuri
251 3338 437 3400 interproesides
445 3339 605 3387 certaminum
619 3339 707 3402 Olym·
741 3339 833 3391 νονίλννν.
869 3337 973 3385 Gravius
985 3347 1028 3399 est,
1044 3339 1120 3387 ἵααονν
1130 3340 1201 3388 ducor
1210 3354 1261 3386 esse
1273 3356 1323 3388 non

120 3406 314 3469 picorumerant
331 3422 352 3455 v.
367 3412 407 3456 64.
442 3405 535 3455 Iisdem
558 3405 632 3454 etiam
654 3408 709 3456 vult
740 3420 810 3466 posse
820 3404 866 3452 nisi
874 3415 1021 3467 prestantes
1032 3422 1113 3468 equas.
1133 3406 1324 3470 Corrigitigitur

52 3512 56 3519 .
121 3475 194 3537 poeta
219 3490 317 3524 carmen
342 3489 416 3521 suum
442 3472 504 3529 ὶδιῖν,
529 3473 633 3534 probari.
669 3474 708 3524 Τοὶ
740 3472 888 3520 virdoctus:
921 3473 1020 3538 Θήρηνος
1042 3474 1197 3536 ὖλνμαιονναᾶν
1214 3474 1274 3538 ὕμνῳ
1290 3477 1323 3542 ig-

122 3540 521 3605 Otofiirraprorsussuntallenaab
529 3540 705 3601 hocmrmlne3
740 3540 817 3596 Sciens
842 3538 1030 3595 ἅααααντοτίδανν
1045 3541 1120 3594 laea'm
1139 3542 1217 3596 οἴνινον,
1233 3545 1322 3606 hymno

120 3618 181 3661 aunt
199 3612 267 3662 cuim
282 3625 312 3660 ea
328 3624 402 3669 sacra,
419 3609 509 3674 quibus
532 3608 569 3656 dii
590 3609 707 3672 hospites,
739 3611 854 3658 extollens
865 3610 1251 3672 accelebramproestantissimas
1261 3613 1322 3660 Tbe-

442 3757 1002 3827 Panarnnns1s'nnuun1cr1un.

577 3867 732 3929 Snnoeun
746 3867 772 3926 I.
785 3871 872 3927 l-9.

162 3968 320 4031 Insr1ruo
341 3966 484 4047 inclytum
499 3964 695 4044 Agrigentum
717 3983 829 4034 ornare,
851 3961 957 4022 eximia
969 3961 1056 4021 laude
1075 3961 1217 4023 Theronis
1230 3980 1323 4042 equos

123 4064 246 4144 pedibus
272 4059 432 4120 indefessos
461 4057 655 4118 celebrando:
693 4076 767 4135 quos
787 4056 828 4112 illi
862 4055 1064 4114 renunciatum
1094 4066 1138 4114 est
1171 4055 1323 4115 victoriam

124 4153 310 4234 Olympicum
322 4153 492 4230 reportasse,
508 4149 578 4207 crim
591 4147 762 4206 Theoxenia
775 4145 907 4223 agitaret.
949 4149 1080 4213 Quorum
1096 4165 1244 4204 sacrorum
1255 4166 1323 4205 cum

122 4241 230 4305 fuerint
243 4254 377 4304 auctores
388 4244 491 4303 Castor
502 4251 532 4300 ct
542 4241 658 4310 Pollux,
670 4239 747 4318 ipsis,
758 4256 873 4296 necnon
884 4237 1006 4296 Helenae
1019 4236 1119 4310 sorori,
1128 4237 1187 4297 hoc
1195 4237 1323 4298 carmine

124 4337 241 4415 placere
263 4345 342 4413 opto.
384 4334 473 4393 Musa
493 4343 590 4392 autem
606 4331 677 4389 mihi
700 4329 742 4389 sic
764 4327 865 4400 astitit,
884 4331 957 4417 noph
969 4327 1108 4388 varietate
1122 4328 1324 4389 admirandum
